<record xmlns:xsi="http://www.w3.org/2001/XMLSchema-instance" xmlns="http://www.loc.gov/MARC21/slim" xsi:schemaLocation="http://www.loc.gov/MARC21/slim http://www.loc.gov/standards/marcxml/schema/MARC21slim.xsd">

  <leader>00510nam a2200157Ia 4500</leader>
  <datafield tag="999" ind1=" " ind2=" ">
    <subfield code="c">2212</subfield>
    <subfield code="d">2212</subfield>
  </datafield>
  <controlfield tag="008">180711b1996    cr ||||| |||| 00| | spa d</controlfield>
  <datafield tag="090" ind2=" " ind1=" ">
    <subfield code="a">18.01.00 </subfield>
    <subfield code="b">523</subfield>
  </datafield>
  <datafield tag="100" ind2=" " ind1=" ">
    <subfield code="a">Ruiz Olabuévaga, J.I.</subfield>
  </datafield>
  <datafield tag="245" ind1=" " ind2=" ">
    <subfield code="a">Metodologia de la Investigación Cualitativa</subfield>
  </datafield>
  <datafield tag="260" ind2=" " ind1=" ">
    <subfield code="a">Bilbao, España : </subfield>
    <subfield code="b">Universidad  de Deusto, </subfield>
    <subfield code="c">1996</subfield>
  </datafield>
  <datafield tag="300" ind2=" " ind1=" ">
    <subfield code="a">45 páginas</subfield>
  </datafield>
  <datafield tag="500" ind2=" " ind1=" ">
    <subfield code="a">Capítulo 1: La investigación cualitativa</subfield>
  </datafield>
  <datafield tag="650" ind2="4" ind1="1">
    <subfield code="a">INVESTIGACIÓN CUALITATIVA</subfield>
    <subfield code="9">317</subfield>
  </datafield>
  <datafield tag="650" ind2="4" ind1="1">
    <subfield code="a">MÉTODOS DE INVESTIGACIÓN </subfield>
    <subfield code="9">288</subfield>
  </datafield>
  <datafield tag="942" ind2=" " ind1=" ">
    <subfield code="2">z</subfield>
    <subfield code="c">01</subfield>
  </datafield>
</record>